<?xml version="1.0" encoding="UTF-8"?><collection xmlns="http://www.loc.gov/MARC21/slim"><record><leader>00453nam--2200181-i-4500</leader><controlfield tag="001">000010245</controlfield><controlfield tag="002">20161230</controlfield><controlfield tag="005">20161230201028</controlfield><controlfield tag="008">060222s1000------------r-----000-0-rus-d</controlfield><datafield ind1=" " ind2=" " tag="040"><subfield code="a">IFIN-HH</subfield></datafield><datafield ind1=" " ind2=" " tag="041"><subfield code="a">rus</subfield></datafield><datafield ind1=" " ind2=" " tag="080"><subfield code="a">535.33(061.3):621.375.826(061.3)</subfield></datafield><datafield ind1="1" ind2=" " tag="100"><subfield code="a">Iankovski, A.A</subfield></datafield><datafield ind1="1" ind2="0" tag="245"><subfield code="a">Prikladnia spektroskopia</subfield><subfield code="c">A.a. iankovski</subfield></datafield><datafield ind1=" " ind2=" " tag="260"><subfield code="a">Moskva</subfield><subfield code="b">Mir</subfield><subfield code="c">1974</subfield></datafield><datafield ind1=" " ind2=" " tag="300"><subfield code="a">303p</subfield></datafield><datafield ind1=" " ind2=" " tag="852"><subfield code="a">42483</subfield><subfield code="c">535.33</subfield></datafield><datafield ind1=" " ind2=" " tag="CAT"><subfield code="a">Sys</subfield><subfield code="c">20101206</subfield><subfield code="h">155944</subfield></datafield></record></collection>